@article{Nave1,
  author = {M. Shang, J.-C. Nave},
  year = "2012",
  title = "A Probabilistic Method for Topological Control in Cloth Simulations"
}
@book{Madec_Bk08,
  title = {NEMO ocean engine},
  publisher = {Note du P\^ole de mod{\'e}lisation, Institut Pierre-Simon Laplace
	(IPSL), France, No 27, ISSN No 1288-1619},
  year = {2008},
  author = {G. Madec}
}
@article{PISCES,
  author = {Aumont, O. and Eth\'e, C. and Tagliabue, A. and Bopp, L. and Gehlen, M.},
  title = {PISCES-v2: an ocean biogeochemical model for carbon and ecosystem studies},
  journal= {Geoscientific Model Development},
  volume= {8},
  year= {2015},
  number= {8},
  pages= {2465--2513},
  url = {http://www.geosci-model-dev.net/8/2465/2015/},
  doi= {10.5194/gmd-8-2465-2015}
}
@ARTICLE{Beletsky01modelingcirculation,
    author = {Dmitry Beletsky and David J. Schwab},
    title = {Modeling circulation and thermal structure in Lake Michigan: Annual cycle and interannual variability},
    journal = {J. Geophys. Res},
    year = {2001}
}
@article{WindStress,
author = {Hellerman, Sol and Rosenstein, Mel},
year = {1983},
month = {07},
pages = {1093-1104},
title = {Normal Monthly Wind Stress Over the World Ocean with Error Estimates},
volume = {13},
booktitle = {Journal of Physical Oceanography}
}
@article{reed1977estimating,
  title={On estimating insolation over the ocean},
  author={Reed, RK},
  journal={Journal of Physical Oceanography},
  volume={7},
  number={3},
  pages={482--485},
  year={1977}
}
@article{SHCHEPETKIN2005347,
title = "The regional oceanic modeling system (ROMS): a split-explicit, free-surface, topography-following-coordinate oceanic model",
journal = "Ocean Modelling",
volume = "9",
number = "4",
pages = "347 - 404",
year = "2005",
issn = "1463-5003",
doi = "https://doi.org/10.1016/j.ocemod.2004.08.002",
url = "http://www.sciencedirect.com/science/article/pii/S1463500304000484",
author = "Alexander F. Shchepetkin and James C. McWilliams"
}


@online{RAMSAR,
  author = {RAMSAR Sites Information Services},
  title = {Amvrakikos gulf},
  url = {https://rsis.ramsar.org/ris/61},
  urldate = {2018-10-02}
}
